<?xml version="1.0" encoding="UTF-8"?><collection xmlns="http://www.loc.gov/MARC21/slim"><record><leader>00480nam--2200193-i-4500</leader><controlfield tag="001">000005821</controlfield><controlfield tag="002">20161230</controlfield><controlfield tag="005">20161230201026</controlfield><controlfield tag="008">060222s1000------------r-----000-0-rum-d</controlfield><datafield ind1=" " ind2=" " tag="040"><subfield code="a">IFIN-HH</subfield></datafield><datafield ind1=" " ind2=" " tag="041"><subfield code="a">rum</subfield></datafield><datafield ind1=" " ind2=" " tag="080"><subfield code="a">534</subfield></datafield><datafield ind1="1" ind2=" " tag="100"><subfield code="a">Badarau, E</subfield></datafield><datafield ind1="1" ind2="0" tag="245"><subfield code="a">Bazele acusticii moderne</subfield><subfield code="c">E. badarau, m. grumazescu</subfield></datafield><datafield ind1=" " ind2=" " tag="260"><subfield code="a">Bucuresti, Editura Academiei Rpr, /1962</subfield></datafield><datafield ind1=" " ind2=" " tag="300"><subfield code="a">502 P</subfield></datafield><datafield ind1="1" ind2=" " tag="700"><subfield code="a">Grumazescu, M</subfield></datafield><datafield ind1=" " ind2=" " tag="852"><subfield code="a">8053</subfield><subfield code="c">534</subfield></datafield><datafield ind1=" " ind2=" " tag="CAT"><subfield code="a">Sys</subfield><subfield code="c">20101006</subfield><subfield code="h">103828</subfield></datafield></record></collection>